%% This BibTeX bibliography file was created using BibDesk.
%% https://bibdesk.sourceforge.io/

%% Created for Lara Matiukha at 2025-03-26 14:42:47 -0500 


%% Saved with string encoding Unicode (UTF-8) 



@article{GenBre99,
	author = {Genz, Alan and Bretz, Frank},
	date-modified = {2025-03-26 14:39:28 -0500},
	doi = {10.1080/00949659908811962},
	journal = {Journal of Statistical Computation and Simulation - J STAT COMPUT SIM},
	month = {07},
	pages = {103-117},
	title = {Numerical Computation Of Multivariate Tprobabilities With Application To Power Calculation Of Multiple Contrasts},
	volume = {63},
	year = {1999},
	bdsk-url-1 = {https://doi.org/10.1080/00949659908811962}}
